@article{gen,
      author={A., Adnan},
      title = {DNA Sequencing: Method, Benefits and Applications},
      url = {http://www.biotecharticles.com/Genetics-Article/DNA-Sequencing-Method-Benefits-and-Applications-248.html},
      urlddate = {2015},
      year = {2010},
      note = {Accessed online 03-May 2015}
}
@book{dna,
  author    = {D. L., Nelson and M.M., Cox}, 
  title     = {Principles of Biochemistry},
  publisher = {Macmillan Higher Education},
  year      = 2013,
  edition   = 6,
  pages = {281-297},
  isbn      = {978-1-4641-0962-1}
}

@misc{gcn,
      author = {P., McCloskey},
      title = {Genome research creating data that's too big for IT},
      url = {http://gcn.com/Articles/2013/04/18/Genome-research-creating-data-too-big-for-IT.aspx},
      year = {2013}, 
      note = {Accessed online 03-May 2015}
}

@manual{scm,
      title = {Scan For Matches},
      url = {http://blog.theseed.org/servers/2010/07/scan-for-matches.html},
      year = {2010}, 
      note = {Accessed online 03-May 2015}
}

@article{ambi,
      author={M., Borodowsky and J., McIninch},
      title = {Recognition of genes in DNA sequence with ambiguities},
      year = {1993}, 
}

@misc{back,
      author={D., Matuszek},
      title = {Backtracking},
      url = {http://www.cis.upenn.edu/~matuszek/cit594-2012/Pages/backtracking.html},
      year = {2002}, 
      note = {Accessed online 03-May 2015}
}
@article{dom,
      author={A., Jouglet and J., Carlier},
      title = {Dominance rules in combinatorial optimization problems},
      url = {https://www.google.dk/?gws_rd=ssl#q=dominance+relation+combinatorics},
      year = {2011},
      note = {Accessed online 03-May 2015}
}
@misc{knap,
      title = {Knapsack problem},
      url = {http://en.wikipedia.org/wiki/Knapsack_problem},
      note = {Accessed online 03-May 2015}
}

@misc{leve,
      title = {Levenshtein distance},
      url = {http://en.wikipedia.org/wiki/Levenshtein_distance},
      note = {Accessed online 03-May 2015}
}